@article{Paulo2014AArte,
    title = {{A ADO{\c{C}}{\~{A}}O DO SISU E A EVAS{\~{A}}O NA UNIVERSIDADE FEDERAL DE UBERL{\^{A}}NDIA ADOPCI{\'{O}}N DE SISU Y LA EVASI{\'{O}}N EN LA UNIVERSIDAD FEDERAL UBERL{\^{A}}NDIA THE ADOPTION OF SISU AND EVASION AT THE FEDERAL UNIVERSITY OF UBERL{\^{A}}NDIA Introdu{\c{c}}{\~{a}}o Sun Tzu ( 544-496 a . C .), em a Arte }},
    year = {2014},
    author = {Paulo, João and Barbosa, Gomes and Portilho, Lucio Antonio and Miranda, Gilberto Jose and Tavares, Marcelo},
    pages = {722--738}
}

@article{Rita2006AEvasao,
    title = {{A Contribui{\c{c}}{\~{a}}o da disciplina de introdu{\c{c}}{\~{a}}o {\`{a}} engenharia qu{\'{i}}mica no diagn{\'{o}}stico da evas{\~{a}}o}},
    year = {2006},
    author = {Rita, Rosenir and Moreira, De Cássia and Mainier, Fernando Benedicto},
    pages = {261--277}
}

@article{Watakabe2015AProfissional,
    title = {{A evas{\~{a}}o escolar dos alunos cotistas sociais na educa{\c{c}}{\~{a}}o profissional}},
    year = {2015},
    journal = {Revista Espa{\c{c}}o Acad{\^{e}}mico},
    author = {Watakabe, Thais},
    number = {170},
    pages = {87--98},
    volume = {15},
    url = {http://www.periodicos.uem.br/ojs/index.php/EspacoAcademico/article/view/27306},
    issn = {1519-6186},
    keywords = {Cotas sociais, Educa{\c{c}}{\~{a}}o profissional., Evas{\~{a}}o escolar}
}

@article{SLHESSARENKO2013AInformacao,
    title = {{A evas{\~{a}}o na educa{\c{c}}{\~{a}}o superior para o curso de bacharelado em sistema de informa{\c{c}}{\~{a}}o}},
    year = {2013},
    journal = {Revista Gest{\~{a}}o Universit{\'{a}}ria na Am{\'{e}}rica Latina - Revista GUAL},
    author = {SLHESSARENKO, MICHELLI and GON{\c{C}}ALO, CLAUDIO REIS and BEIRA, JOANA CARLOS and CEMBRANEL, PRISCILA},
    number = {1},
    pages = {128--147},
    volume = {7},
    doi = {http://dx.doi.org/10.5007/1983-4535.2014v7n1p128},
    keywords = {Evas{\~{a}}o. Estrat{\'{e}}gia. Ensino Superior.}
}

@article{SantosJunior2017A1990,
    title = {{A evas{\~{a}}o na educa{\c{c}}{\~{a}}o superior: o estado da arte das pesquisas no Brasil a partir de 1990}},
    year = {2017},
    journal = {Avalia{\c{c}}{\~{a}}o: Revista da Avalia{\c{c}}{\~{a}}o da Educa{\c{c}}{\~{a}}o Superior (Campinas)},
    author = {Santos Junior, José da Silva and Real, Giselle Cristina Martins and Santos Junior, José da Silva and Real, Giselle Cristina Martins},
    number = {2},
    pages = {385--402},
    volume = {22},
    url = {http://www.scielo.br/scielo.php?script=sci_arttext&pid=S1414-40772017000200385&lng=pt&tlng=pt},
    doi = {10.1590/s1414-40772017000200007},
    issn = {1414-4077},
    keywords = {2, 2017, 22, 385-402, access to higher education, avalia{\c{c}}{\~{a}}o, campinas, educational policies, jul, n, p, sorocaba, sp, student dropout, v}
}

@article{Beatriz2007ABrasileiro,
    title = {{a Evas{\~{a}}o No Ensino Superior Brasileiro}},
    year = {2007},
    journal = {Cadernos de Pesquisa},
    author = {Beatriz, Maria and Melo, D E Carvalho},
    number = {132},
    pages = {641--659},
    volume = {37},
    keywords = {Ensino superior, evas{\~{a}}o escolar-Brasil}
}

@article{Machado2009ADe,
    title = {{a Evas{\~{a}}o Nos Cursos De Agropecu{\'{a}}ria E Inform{\'{a}}tica / N{\'{i}}vel T{\'{e}}cnico Da Escola Agrot{\'{e}}cnica Federal De N{\'{i}}vel T{\'{e}}cnico Da Escola Agrot{\'{e}}cnica Federal De}},
    year = {2009},
    author = {Machado, Márcia Rodrigues}
}

@article{Universidade2015A2011/2,
    title = {{A EVAS{\~{A}}O SOB O OLHAR DOS PROFESSORES E ALUNOS DO CURSO DE LICENCIATURA EM MATEM{\'{A}}TICA DO CAMPUS UNIVERSIT{\'{A}}RIO DE SINOP DA UNIVERSIDADE DO ESTADO DE MATO GROSSO – UNEMAT, EM 2011/2 2011/2}},
    year = {2015},
    author = {Universidade, D A and Estado, D O and Grosso, D E Mato},
    pages = {347--363},
    volume = {2}
}

@article{Matta2017AdaptacaoLiteratura,
    title = {{Adapta{\c{c}}{\~{a}}o, rendimento, evas{\~{a}}o e viv{\^{e}}ncias acad{\^{e}}micas no ensino superior: revis{\~{a}}o da literatura}},
    year = {2017},
    journal = {Psicologia Escolar e Educacional},
    author = {Matta, Cristiane Maria Barra da and Lebr{\~{a}}o, Susana Marraccini Giampietri and Heleno, Maria Geralda Viana and Matta, Cristiane Maria Barra da and Lebr{\~{a}}o, Susana Marraccini Giampietri and Heleno, Maria Geralda Viana},
    number = {3},
    pages = {583--591},
    volume = {21},
    url = {http://www.scielo.br/scielo.php?script=sci_arttext&pid=S1413-85572017000300583&lng=pt&tlng=pt},
    doi = {10.1590/2175-353920170213111118},
    issn = {2175-3539},
    keywords = {adaptaci{\'{o}}n, adaptation, desempe{\~{n}}o, en la ense{\~{n}}anza, evasion, evasi{\'{o}}n y vivencias acad{\'{e}}micas, higher education, revisi{\'{o}}n de la literatura, universitaria}
}

@article{Ogasawara1994AlgumasEvasao,
    title = {{Algumas caracter{\'{i}}sticas de cursos de gradua{\c{c}}{\~{a}}o em enfermagem oferecidos em tempo parcial: dados para uma an{\'{a}}lise de demanda e evas{\~{a}}o}},
    year = {1994},
    journal = {Revista Brasileira de Enfermagem},
    author = {Ogasawara, Mizue and Pavarini, Sônia Cristina lost},
    number = {2},
    pages = {134--143},
    volume = {47},
    url = {http://www.scielo.br/scielo.php?script=sci_arttext&pid=S0034-71671994000200007&lng=pt&tlng=pt},
    doi = {10.1590/S0034-71671994000200007},
    issn = {0034-7167}
}

@article{Hoed2016AnaliseMestrado,
    title = {{An{\'{a}}lise da evas{\~{a}}o em cursos superiores : o caso da evas{\~{a}}o em cursos superiores da {\'{a}}rea de Computa{\c{c}}{\~{a}}o (Disserta{\c{c}}{\~{a}}o de Mestrado)}},
    year = {2016},
    author = {Hoed, Raphael Magalhães},
    pages = {188},
    url = {http://multimidia.gazetadopovo.com.br/media/redacao/2017/06/1498847137_2016-raphaelmagalhaeshoed.pdf}
}

@article{ANDRADE2010AnaliseGestao,
    title = {{An{\'{a}}lise Da Evas{\~{a}}o No Curso De Administra{\c{c}}{\~{a}}o a Dist{\^{a}}ncia – Projeto-Piloto Uab: Um Enfoque Sobre a Gest{\~{a}}o}},
    year = {2010},
    author = {ANDRADE, AMANDA FERREIRA ABOUD DE}
}

@article{GlaucoPeresdaSilva2013AnaliseDeterminantes,
    title = {{An{\'{a}}lise de Evas{\~{a}}o no Ensino Superior: Uma Proposta de Diagn{\'{o}}stico de seus Determinantes}},
    year = {2013},
    journal = {Avalia{\c{c}}{\~{a}}o: Revista da Avalia{\c{c}}{\~{a}}o da Educa{\c{c}}{\~{a}}o Superior},
    author = {{Glauco Peres da Silva}},
    number = {2},
    pages = {311--333},
    volume = {18},
    url = {http://www.scielo.br/pdf/aval/v18n2/04.pdf},
    doi = {10.1590/S1414-40772013000200005},
    issn = {1982-5765}
}

@article{BrunoMariaDeFatima-Cesar2013CausasSuperior,
    title = {{Causas da evas{\~{a}}o em cursos de capacita{\c{c}}{\~{a}}o de t{\'{e}}cnicos em institui{\c{c}}{\~{a}}o de ensino superior}},
    year = {2013},
    journal = {Revista Gest{\~{a}}o Universit{\'{a}}ria na Am{\'{e}}rica Latina - Revista GUAL},
    author = {Bruno, Maria De F{\'{a}}tima - Cesar, Cecilia Estela Ferreira Da Silva},
    number = {1},
    pages = {287},
    volume = {6},
    issn = {19834535},
    keywords = {Dropout, Retention, Training}
}

@article{Neres2015COMPARACAOPLANALTINA,
    title = {{COMPARA{\c{C}}{\~{A}}O DO PERFIL E DA SITUA{\c{C}}{\~{A}}O ENTRE O ALUNO EVADIDO E O EGRESSO DA FACULDADE UnB DE PLANALTINA}},
    year = {2015},
    author = {Neres, Ivonaldo Vieira}
}

@article{Vieira2013DepartamentoFinanciamento,
    title = {{Departamento De Ci{\^{e}}ncias Cont{\'{a}}beis E Atuariais - Cca {\'{I}}ndices De Reten{\c{c}}{\~{a}}o Na Universidade De Bras{\'{i}}lia : Abordagem Do Ponto De Vista Do Financiamento}},
    year = {2013},
    author = {Vieira, Eduardo Tadeu},
    pages = {181},
    url = {http://repositorio.unb.br/handle/10482/15263}
}

@article{Mello2012DiagnosticoBrasil,
    title = {{Diagn{\'{o}}stico E Alternativas De Conten{\c{c}}{\~{a}}o Da Evas{\~{a}}o No Curso De Administra{\c{c}}{\~{a}}o Em Uma Universidade P{\'{u}}blica No Sul Do Brasil}},
    year = {2012},
    journal = {Gest{\~{a}}o Universit{\'{a}}ria na Am{\'{e}}rica Latina},
    author = {Mello, Simone Portella Teixeira De and Santos, Elaine Garcia Dos},
    number = {3},
    pages = {67--80},
    volume = {5},
    url = {http://dx.doi.org/10.5007/1983-4535.2012v5n3p67},
    doi = {10.5007/1983-4535.2012v5n3p67},
    issn = {19834535},
    keywords = {Abandono na educa{\c{c}}{\~{a}}o superior, Evas{\~{a}}o no ensino superior, Evas{\~{a}}o.}
}

@article{Alfenas2017EInstitucional,
    title = {{E a Determina{\c{c}}{\~{a}}o Institucional}},
    year = {2017},
    author = {Alfenas, De},
    pages = {93--115},
    doi = {10.5585/EccoS.n44.7899}
}

@article{Cornelio2016EducacaoRelated,
    title = {{Educa{\c{c}}{\~{a}}o a Dist{\^{a}}ncia : Uma An{\'{a}}lise Estat{\'{i}}stica Dos Fatores Relacionados {\`{A}} Distance Education : a Statistical Analysis of Factors Related}},
    year = {2016},
    author = {Cornelio, Ricardo Antonio and Carla, Fernanda and Vasconcelos, Wasner},
    pages = {26--44}
}

@article{Santos2017EducacaoPermanencia,
    title = {{Educa{\c{c}}{\~{a}}o superior: processos motivacionais estudantis para a evas{\~{a}}o e a perman{\^{e}}ncia}},
    year = {2017},
    journal = {RBPAE - v. 33, n. 1, p. 073 - 094, jan./abr. 2017},
    author = {Santos, Bettina Steren dos and Davoglio, Tarcia Rita and Lettinin, Carla da Conceição and Spagnolo, Carla and Nascimento, Lorena Machado do},
    number = {1},
    pages = {73--94},
    volume = {33},
    keywords = {Educa{\c{c}}{\~{a}}o superior, evas{\~{a}}o, perman{\^{e}}ncia}
}

@article{Cardoso2008EfeitosEvasao,
    title = {{Efeitos da pol{\'{i}}tica de cotas na Universidade de Bras{\'{i}}lia : uma an{\'{a}}lise do rendimento e da evas{\~{a}}o}},
    year = {2008},
    author = {Cardoso, Claudete Batista},
    url = {http://repositorio.unb.br/handle/10482/1891},
    keywords = {Ensino superior, Evas{\~{a}}o escolar, Negros - educa{\c{c}}{\~{a}}o, Programas de a{\c{c}}{\~{a}}o afirmativa, Sistema de cotas}
}

@article{Mezzari2013EstrategiasEvasao,
    title = {{Estrat{\'{e}}gias para detec{\c{c}}{\~{a}}o precoce de propens{\~{a}}o {\`{a}} evas{\~{a}}o}},
    year = {2013},
    journal = {Ried},
    author = {Mezzari, Adelina and Tarouco, Liane Margarida Rockenbach and Avila, Barbara Gorziza and Machado, Geraldo Ribas and Favero, Rute Vera Maria and Bulegon, Ana Marli},
    number = {2},
    pages = {147--175},
    volume = {16},
    keywords = {ensino a dist{\^{a}}ncia, evas{\~{a}}o, f{\'{o}}rum, media{\c{c}}{\~{a}}o}
}

@article{2012ESTRATEGIASSUPERIOR,
    title = {{ESTRAT{\'{E}}GIAS PARA REDU{\c{C}}{\~{A}}O DA EVAS{\~{A}}O EM CURSOS DE CAPACITA{\c{C}}{\~{A}}O DE T{\'{E}}CNICOS EM INSTITUI{\c{C}}{\~{A}}O FEDERAL DE ENSINO SUPERIOR}},
    year = {2012}
}

@article{Jesus2014EstudoDistancia,
    title = {{Estudo Multin{\'{i}}vel de Antecedentes do Impacto no Trabalho e da Persist{\^{e}}ncia/Evas{\~{a}}o em Treinamentos a Dist{\^{a}}ncia}},
    year = {2014},
    author = {Jesus, Sandra Correa Brandt Pereira de},
    pages = {375}
}

@article{Cunha2001EvasoEvadido,
    title = {{Evas??o do curso de qu??mica da Universidade de Bras??lia: A interpreta????o do aluno evadido}},
    year = {2001},
    journal = {Quimica Nova},
    author = {Cunha, Aparecida Miranda and Tunes, Elizabeth and Da Silva, Roberte Ribeiro},
    number = {2},
    pages = {262--280},
    volume = {24},
    doi = {10.1590/S0100-40422001000200019},
    issn = {01004042},
    keywords = {Chemistry curriculum, Student evasion, Undergraduate evaluation}
}

@article{SantosBaggi2011EvasaoBibliografica,
    title = {{Evas{\~{a}}o e avalia{\c{c}}{\~{a}}o institucional no ensino superior: uma discuss{\~{a}}o bibliogr{\'{a}}fica}},
    year = {2011},
    journal = {Avalia{\c{c}}{\~{a}}o: Revista da Avalia{\c{c}}{\~{a}}o da Educa{\c{c}}{\~{a}}o Superior (Campinas)},
    author = {Santos Baggi, Cristiane Aparecida Dos and Lopes, Doraci Alves},
    number = {2},
    pages = {355--374},
    volume = {16},
    isbn = {0265-8240},
    doi = {10.1590/S1414-40772011000200007},
    issn = {1414-4077}
}

@article{Silva2014EvasaoTransacao,
    title = {{Evas{\~{a}}o e qualidade em institui{\c{c}}{\~{a}}o de ensino superior privadas: uma an{\'{a}}lise da economia dos custos de transa{\c{c}}{\~{a}}o}},
    year = {2014},
    journal = {Adminsitra{\c{c}}{\~{a}}o: Ensino e Pesquisa},
    author = {Silva, Adriano maniçoba da and Sauaia, Antônio Carlos Aidar},
    number = {4},
    pages = {805--830},
    volume = {15},
    isbn = {0265-8240},
    doi = {10.1590/S0104-40362006000300006},
    issn = {1414-4077}
}

@article{Melorose2015EvasaoUFRGS.,
    title = {{Evas{\~{a}}o e Reten{\c{c}}{\~{a}}o Escolar no curso de Licenciatura em Qu{\'{i}}mica do Instituto de Qu{\'{i}}mica da UFRGS.}},
    year = {2015},
    journal = {Statewide Agricultural Land Use Baseline 2015},
    author = {Melorose, J. and Perroy, R. and Careas, S.},
    number = {2},
    pages = {2016},
    volume = {1},
    isbn = {9788578110796},
    doi = {10.1017/CBO9781107415324.004},
    issn = {1098-6596},
    pmid = {25246403},
    arxivId = {arXiv:1011.1669v3},
    keywords = {icle}
}

@article{Vanz2016EvasaoUFRGS,
    title = {{Evas{\~{a}}o e reten{\c{c}}{\~{a}}o no curso de Biblioteconomia da UFRGS}},
    year = {2016},
    journal = {Avalia{\c{c}}{\~{a}}o: Revista da Avalia{\c{c}}{\~{a}}o da Educa{\c{c}}{\~{a}}o Superior (Campinas)},
    author = {Vanz, Samile Andrea de Souza and Pereira, Patrícia Mallmann Souto and Ferreira, Glória Isabel Sattamini and Machado, Geraldo Ribas},
    number = {2},
    pages = {541--568},
    volume = {21},
    url = {http://www.scielo.br/scielo.php?script=sci_arttext&pid=S1414-40772016000200541&lng=pt&tlng=pt},
    doi = {10.1590/S1414-40772016000200012},
    issn = {1414-4077}
}

@article{Abbad2006EvasaoExplicativas,
    title = {{Evas{\~{a}}o em curso via internet: explorando vari{\'{a}}veis explicativas}},
    year = {2006},
    journal = {RAE eletr{\^{o}}nica},
    author = {Abbad, Gardênia and Carvalho, Renata Silveira and Zerbini, Thaís},
    number = {2},
    volume = {5},
    url = {http://www.scielo.br/scielo.php?script=sci_arttext&pid=S1676-56482006000200008&lng=pt&tlng=pt},
    doi = {10.1590/S1676-56482006000200008},
    issn = {1676-5648}
}

@article{Almeida2007EvasaoDesistencia,
    title = {{Evas{\~{a}}o em Cursos a Dist{\^{a}}ncia : valida{\c{c}}{\~{a}}o de instrumento , fatores influenciadores e cronologia da desist{\^{e}}ncia}},
    year = {2007},
    author = {Almeida, Onília Cristina De Souza},
    pages = {177},
    keywords = {EVAS{\~{A}}O NO ENSINO SUPERIOR A DIST{\^{A}}NCIA: O CURSO DE}
}

@article{Sales2009EvasaoMestrado.,
    title = {{Evas{\~{a}}o em cursos a dist{\^{a}}ncia: caracter{\'{i}}sticas do curso, do aluno e do contexto. Disserta{\c{c}}{\~{a}}o de Mestrado.}},
    year = {2009},
    author = {Sales, Patricia de Andrade Oliveira Sales},
    pages = {176},
    keywords = {dropout in distance learning courses, e-learning, evaluation of distance learning courses, persistence in distance learning courses, reactions to training, tutor performance}
}

@article{Vitelli2016EvasaoFalando,
    title = {{Evas{\~{a}}o escolar na educa{\c{c}}{\~{a}}o superior: de que indicador estamos falando?}},
    year = {2016},
    journal = {Est. Aval. Educ.},
    author = {Vitelli, Ricardo Ferreira},
    number = {66},
    pages = {908--937},
    volume = {27},
    doi = {10.18222/eae.v27i66.4009},
    issn = {1984-932X}
}

@article{Fredenhagem2014EvasaoBrasilia,
    title = {{Evas{\~{a}}o escolar no {\^{a}}mbito do Instituto Federal de Bras{\'{i}}lia}},
    year = {2014},
    journal = {Revista Eixo},
    author = {Fredenhagem, Sheiyla Villar},
    number = {n.2},
    pages = {49--71},
    volume = {V.3},
    keywords = {bras{\'{i}}lia, central and underlying causes, do instituto federal de, evas{\~{a}}o escolar no {\^{a}}mbito, indicators, institutional meta-evaluation}
}

@article{ARAUJO2015EvasaoUnb,
    title = {{Evas{\~{a}}o Na Ead: Um Survey Com Estudantes Do Curso De Licenciatura Em M{\'{u}}sica a Dist{\^{a}}ncia Da Unb}},
    year = {2015},
    journal = {Disserta{\c{c}}{\~{a}}o de Mestrado},
    author = {ARAUJO, JAÍNE GONÇALVES},
    keywords = {Educa{\c{c}}{\~{a}}o a Dist{\^{a}}ncia, Evas{\~{a}}o em Cursos a Dist{\^{a}}ncia, Evas{\~{a}}o em Cursos de M{\'{u}}sica., Licenciatura em M{\'{u}}sica a Dist{\^{a}}ncia da Universidade, Universidade Aberta do Brasil}
}

@article{Superiores2013EVASAOSul,
    title = {{EVAS{\~{A}}O NA EDUCA{\c{C}}{\~{A}}O SUPERIOR : UMA TEM{\'{A}}TICA EM DISCUSS{\~{A}}O EVASION IN HIGHER EDUCATION : A TOPIC FOR DISCUSSION Emmanuel Ribeiro Cunha Universidade do Estado do Par{\'{a}} Mar{\'{i}}lia Costa Morosini Pontif{\'{i}}cia Universidade Cat{\'{o}}lica do Rio Grande do Sul}},
    year = {2013},
    author = {Superiores, Cursos},
    pages = {82--89},
    volume = {7},
    keywords = {14, 82 revista cocar, 82-89, ago-dez 2013, bel{\'{e}}m, evasion, higher education, higher education courses, n, p, school evasion, vol 7}
}

@article{Pereira2011EvasaoGrosso,
    title = {{Evas{\~{a}}o na Universidade Federal de Mato Grosso}},
    year = {2011},
    journal = {Revista de Estudos Sociais},
    author = {Pereira, Rosângela Saldanha and Zavala, Arturo Alejandro and Santos, Antônio César},
    number = {26},
    pages = {74--86},
    volume = {13}
}

@article{Santana2016EvasaoCompetencia,
    title = {{Evas{\~{a}}o nas Licenciaturas das Universidades Federais: entre a apet{\^{e}}ncia e a compet{\^{e}}ncia}},
    year = {2016},
    journal = {Educa{\c{c}}{\~{a}}o (UFSM)},
    author = {Santana, Otacilio Antunes},
    number = {2},
    pages = {311},
    volume = {41},
    url = {https://periodicos.ufsm.br/reveducacao/article/view/20199},
    doi = {10.5902/1984644420199},
    issn = {1984-6444},
    keywords = {2, 2016, 311-327, 41, ago, comprehensive interview, educa{\c{c}}{\~{a}}o, maio, n, p, power to act, santa maria, tag clouds, v}
}

@article{Guedes2017EvasaoSilva,
    title = {{Evas{\~{a}}o no ensino superior brasileiro : riscos e arranjos institucionais . Luciana Guedes da Silva}},
    year = {2017},
    author = {Guedes, Luciana},
    pages = {1--68}
}

@article{Matta2011EvasaoMental,
    title = {{Evas{\~{a}}o universit{\'{a}}ria estudantil : precursores psicol{\'{o}}gicos do trancamento de matr{\'{i}}cula por motivo de sa{\'{u}}de mental}},
    year = {2011},
    author = {Matta, Karen Weizenmann da},
    url = {http://repositorio.unb.br/handle/10482/9338},
    keywords = {Evas{\~{a}}o universit{\'{a}}ria, Sa{\'{u}}de mental}
}

@article{Sousa2016ExpansaoBrasil,
    title = {{Expans{\~{a}}o Da Educa{\c{c}}{\~{a}}o Superior: Perman{\^{e}}ncia E Evas{\~{a}}o Em Cursos Da Universidade Aberta Do Brasil}},
    year = {2016},
    journal = {Educa{\c{c}}{\~{a}}o em Revista},
    author = {Sousa, Andréia da Silva Quintanilha and Maciel, Carina Elisabeth},
    number = {4},
    pages = {175--204},
    volume = {32},
    url = {http://www.scielo.br/scielo.php?script=sci_arttext&pid=S0102-46982016000400175&lng=pt&tlng=pt},
    isbn = {0102469816168},
    doi = {10.1590/0102-4698161689},
    issn = {0102-4698}
}

@article{Freitas2015FatoresParaiba,
    title = {{Fatores da evas{\~{a}}o discente no curso de Engenharia Civil da Universidade Estadual da Para{\'{i}}ba}},
    year = {2015},
    author = {Freitas, Bruno Andrade De and Carla, Érika and Canuto, Alves and Pereira, Cláudio},
    pages = {69--76},
    issn = {1517-0306},
    keywords = {civil engineering, evasion, higher education, jo{\~{a}}o pessoa, maio 2017}
}

@article{Voice2012FredenhagemEvasao,
    title = {{Fredenhagem; cometti; bonfim; ara{\'{u}}jo (2012) a voz da evas{\~{a}}o}},
    year = {2012},
    author = {Voice, T H E and Evasion, O F},
    pages = {2--19}
}

@article{OLIVEIRA2013GastosUNB,
    title = {{Gastos P{\'{u}}blicos Federais x Ensino Superior x Expans{\~{a}}o da Universidade de Bras{\'{i}}lia - UNB}},
    year = {2013},
    author = {OLIVEIRA, Heverson Cid.},
    pages = {68},
    keywords = {Ensino Superior, Higher Education, MEETING, REUNI, Universidade de Bras{\'{i}}lia – UnB}
}

@article{Junior2015GestaoFederais,
    title = {{Gest{\~{a}}o Institucional e evas{\~{a}}o escolar no contexto de cria{\c{c}}{\~{a}}o e expans{\~{a}}o dos Institutos Federais}},
    year = {2015},
    author = {J{\'{u}}nior, Geraldo Coelho de Oliveira}
}

@article{BRITO2013ImplementacaoEvasao,
    title = {{Implementa{\c{c}}{\~{a}}o do REUNI na UnB (2008-2011): Limites na amplia{\c{c}}{\~{a}}o de vagas e redu{\c{c}}{\~{a}}o a evas{\~{a}}o}},
    year = {2013},
    author = {BRITO, Maria Ivoneide de Lima},
    pages = {254}
}

@article{Sales2014MetodosProfissional,
    title = {{M{\'{e}}todos De Pesquisa Para a Identifica{\c{c}}{\~{a}}o De Fatores De Evas{\~{a}}o E Perman{\^{e}}ncia Na Educa{\c{c}}{\~{a}}o Profissional}},
    year = {2014},
    journal = {Cadernos CEDES},
    author = {Sales, Paula Elizabeth Nogueira},
    number = {94},
    pages = {403--408},
    volume = {34},
    url = {http://www.scielo.br/scielo.php?script=sci_arttext&pid=S0101-32622014000300403&lng=pt&tlng=pt},
    doi = {10.1590/S0101-32622014000300008},
    issn = {0101-3262}
}

@article{Martires2015MotivosAtencao,
    title = {{Motivos para evadir da Escola Superior de Educa{\c{c}}{\~{a}}o e Comunica{\c{c}}{\~{a}}o da Universidade do Introdu{\c{c}}{\~{a}}o Pesquisas apontam que a evas{\~{a}}o {\'{e}} um fen{\^{o}}meno que merece aten{\c{c}}{\~{a}}o}},
    year = {2015},
    author = {M{\'{a}}rtires, Hugo}
}

@article{Economia2016NEWTONUnB,
    title = {{NEWTON DA SILVA MIRANDA J{\'{U}}NIOR AN{\'{A}}LISE DE REDES SOCIAIS : um estudo acerca das mudan{\c{c}}as de curso na UnB NEWTON DA SILVA MIRANDA J{\'{U}}NIOR AN{\'{A}}LISE DE REDES SOCIAIS : um estudo acerca das mudan{\c{c}}as de curso na UnB}},
    year = {2016},
    author = {Economia, Faculdade De}
}

@article{2016NoTitle,
    title = {{No Title}},
    year = {2016}
}

@article{2015NoTitle,
    title = {{No Title}},
    year = {2015}
}

@article{Educacao2015NoTitle,
    title = {{No Title}},
    year = {2015},
    author = {Educa{\c{c}}{\~{a}}o, Programa D E Pós-graduação E M}
}

@article{Silva2016OSaude,
    title = {{O Desempenho Acad{\^{e}}mico e o Fen{\^{o}}meno da Evas{\~{a}}o em Cursos de Gradua{\c{c}}{\~{a}}o da {\'{A}}rea da Sa{\'{u}}de}},
    year = {2016},
    author = {Silva, Fernanda Cardoso da}
}

@article{Teixeira2013OBrasilia,
    title = {{O Impacto Do Reuni Sobre a Gest{\~{a}}o Administrativa E Financeira Da Universidade De Bras{\'{i}}lia}},
    year = {2013},
    author = {Teixeira, Marta Emilia}
}

@article{Andriola2006OpinioesUFC,
    title = {{Opiniões de docentes e de coordenadores acerca do fen{\^{o}}meno da evas{\~{a}}o discente dos cursos de gradua{\c{c}}{\~{a}}o da Universidade Federal do Cear{\'{a}} (UFC)}},
    year = {2006},
    journal = {Ensaio: Avalia{\c{c}}{\~{a}}o e Pol{\'{i}}ticas P{\'{u}}blicas em Educa{\c{c}}{\~{a}}o},
    author = {Andriola, Wagner Bandeira and Andriola, Cristiany Gomes and Moura, Cristiane Pascoal},
    number = {52},
    pages = {365--382},
    volume = {14},
    url = {http://www.scielo.br/scielo.php?script=sci_arttext&pid=S0104-40362006000300006&lng=pt&tlng=pt},
    doi = {10.1590/S0104-40362006000300006},
    issn = {0104-4036}
}

@article{Diogo2016PercepcoesPreventivas,
    title = {{Percep{\c{c}}ões de coordenadores de curso superior sobre evas{\~{a}}o, reprova{\c{c}}ões e estrat{\'{e}}gias preventivas}},
    year = {2016},
    journal = {Avalia{\c{c}}{\~{a}}o: Revista da Avalia{\c{c}}{\~{a}}o da Educa{\c{c}}{\~{a}}o Superior (Campinas)},
    author = {Diogo, Maria Fernanda and Raymundo, Luana dos Santos and Wilhelm, Fernanda Ax and Andrade, Sílvia Patricia Cavalheiro de and Lorenzo, Flora Moura and Rost, Flávia Trento and Bardagi, Marúcia Patta and Diogo, Maria Fernanda and Raymundo, Luana dos Santos and Wilhelm, Fernanda Ax and Andrade, Sílvia Patricia Cavalheiro de and Lorenzo, Flora Moura and Rost, Flávia Trento and Bardagi, Marúcia Patta},
    number = {1},
    pages = {125--151},
    volume = {21},
    url = {http://www.scielo.br/scielo.php?script=sci_arttext&pid=S1414-40772016000100125&lng=pt&tlng=pt},
    doi = {10.1590/S1414-40772016000100007},
    issn = {1414-4077}
}

@article{Tontini2014Pode-seSuperior,
    title = {{Pode-se identificar a propens{\~{a}}o e reduzir a evas{\~{a}}o de alunos? a{\c{c}}ões estrat{\'{e}}gicas e resultados t{\'{a}}ticos para institui{\c{c}}ões de ensino superior}},
    year = {2014},
    journal = {Avalia{\c{c}}{\~{a}}o: Revista da Avalia{\c{c}}{\~{a}}o da Educa{\c{c}}{\~{a}}o Superior (Campinas)},
    author = {Tontini, Gérson and Walter, Silvana Anita},
    number = {1},
    pages = {89--110},
    volume = {19},
    url = {http://dx.doi.org/10.1590/S1414-40772014000100005},
    doi = {10.1590/S1414-40772014000100005},
    issn = {1414-4077}
}

@article{KozelskiPoliticas,
    title = {{Pol{\'{i}}ticas P{\'{u}}blicas : Recurso ou Solu{\c{c}}{\~{a}}o para Evas{\~{a}}o Universit{\'{a}}ria ?}},
    author = {Kozelski, Adriana Cristina and Hammerschmidt, Silvana}
}

@article{Bras2013PROGRAMAFonseca,
    title = {{PROGRAMA DE P{\'{O}}S-GRADUA{\c{C}}{\~{A}}O EM EDUCA{\c{C}}{\~{A}}O Porque desisti de ser professora : um estudo sobre a evas{\~{a}}o docente M{\^{o}}nica Padilha Fonseca}},
    year = {2013},
    author = {Bras, Universidade D E and Educa, L I A Faculdade D E and De, Programa and Educa, E M}
}

@article{Pedag2014PROGRAMAMaria,
    title = {{PROGRAMA REUNI: uma abordagem sobre Perman{\^{e}}ncia e Evas{\~{a}}o na UFPel Maria}},
    year = {2014},
    author = {Pedag, Revista Eventos and Federal, Universidade and Grande, Rio and Associada, Professora},
    pages = {83--101},
    volume = {3}
}

@article{RETENCAOUlt,
    title = {{RETEN{\c{C}}{\~{A}}O DOS ESTUDANTES NA UNIVERSIDADE : UMA PARCERIA ENTRE OS ATORES SOCIAIS DA INSTITUI{\c{C}}{\~{A}}O DE ENSINO E A FAM{\'{I}}LIA RESUMO KEYWORDS : Evasion . Retention . Socialization . Paternity Apesar do substancial aumento do n{\'{u}}mero de matr{\'{i}}culas evidenciado nas {\'{u}}lt}},
    pages = {1--9},
    keywords = {evasion, paternity, retention, socialization}
}

@article{Lamers2017RetencaoOdontologia,
    title = {{Reten{\c{c}}{\~{a}}o E Evas{\~{a}}o No Ensino Superior P{\'{u}}blico: Estudo De Caso Em Um Curso Noturno De Odontologia}},
    year = {2017},
    journal = {Educa{\c{c}}{\~{a}}o em Revista},
    author = {Lamers, Juliana Maciel de Souza and Santos, Bettina Steren dos and Toassi, Ramona Fernanda Ceriotti and Lamers, Juliana Maciel de Souza and Santos, Bettina Steren dos and Toassi, Ramona Fernanda Ceriotti},
    number = {0},
    volume = {33},
    url = {http://www.scielo.br/scielo.php?script=sci_arttext&pid=S0102-46982017000100108&lng=pt&tlng=pt},
    doi = {10.1590/0102-4698154730},
    issn = {0102-4698}
}

@article{Hutz2012Rotina:,
    title = {{Rotina Acad{\^{e}}mica e Rela{\c{c}}{\~{a}}o com Colegas e Professores :}},
    year = {2012},
    journal = {Psico},
    author = {Hutz, Claudio Simon},
    pages = {174--184},
    volume = {43},
    issn = {1980-8623},
    keywords = {career, higher education, teacher-student relationship, university students}
}

@article{Docente2016StelamaryLEMES,
    title = {{Stelamary Aparecida Despincieri LAHAM e Sebasti{\~{a}}o de Souza LEMES}},
    year = {2016},
    author = {Docente, Doutor},
    pages = {405--431}
}

@article{Garbe2017SucessoDistancia,
    title = {{Sucesso E Evas{\~{a}}o Em Cursos De Especializa{\c{c}}{\~{a}}o a Dist{\^{a}}ncia}},
    year = {2017},
    journal = {Laplage em Revista},
    author = {Garbe, Gisele Grinevicius and Ramos, Monica Parente and Sigulem, Daniel},
    number = {2},
    pages = {77},
    volume = {3},
    url = {http://www.laplageemrevista.ufscar.br/index.php/lpg/article/view/343},
    doi = {10.24115/S2446-6220201732343p.77-93},
    issn = {2446-6220},
    keywords = {distance education, dropout in distance education, higher education, in distance education, planning, success in distance education}
}

@article{MASSI2015UmIntegracoes,
    title = {{Um caso de contratend{\^{e}}ncia: baixa evas{\~{a}}o na licenciatura em qu{\'{i}}mica explicada pelas disposi{\c{c}}ões e integra{\c{c}}ões}},
    year = {2015},
    journal = {Educa{\c{c}}{\~{a}}o e Pesquisa},
    author = {MASSI, L. and VILANI, A.},
    number = {4},
    pages = {975--992},
    volume = {41},
    url = {http://dx.doi.org/10.1590/s1517-9702201512135667%0Ahttp://www.scielo.br/scielo.php?script=sci_arttext&pid=S1517-97022015000400975&lng=pt&tlng=pt},
    doi = {10.1590/s1517-9702201512135667},
    issn = {1517-9702}
}

@article{Ferreira2018UMASua,
    title = {{UMA AN{\'{A}}LISE DO DISCURSO DO ALUNO TRABALHADOR ACERCA DE SUA EVAS{\~{A}}O : CASO ESPEC{\'{I}}FICO DO CURSO DE MATEM{\'{A}}TICA DA UEM Neste artigo , abordaremos um sujeito , que {\'{e}} o aluno evadido do curso de Matem{\'{a}}tica da Universidade Estadual de Maring{\'{a}} ( UEM ). Veremos sua}},
    year = {2018},
    author = {Ferreira, Luciano}
}

@article{Walter2008VariaveisDistancia,
    title = {{Vari{\'{a}}veis preditoras de evas{\~{a}}o em dois cursos a dist{\^{a}}ncia}},
    year = {2008},
    journal = {Encontro da Associa{\c{c}}{\~{a}}o Nacional de P{\'{o}}s-gradua{\c{c}}{\~{a}}o e Pesquisa em Administra{\c{c}}{\~{a}}o},
    author = {Walter, Amanda Moura and Abbad, Silva and Instrumental, Valor},
    pages = {1--16}
}